<?xml version="1.0" encoding="UTF-8"?><collection xmlns="http://www.loc.gov/MARC21/slim"><record><leader>00403nam--2200121-i-4500</leader><controlfield tag="001">000048126</controlfield><controlfield tag="002">20161230</controlfield><controlfield tag="005">20161230201046</controlfield><controlfield tag="008">060222s1000------------r-----000-0-eng-d</controlfield><datafield ind1=" " ind2=" " tag="100"><subfield code="a">Proca, Al</subfield></datafield><datafield ind1=" " ind2=" " tag="245"><subfield code="a">These ... a la faculte des sciences de l`univ.de paris. i. sur la theorie relativiste de l`electron de dirac. ii. propositions donnees par la faculte</subfield></datafield><datafield ind1=" " ind2=" " tag="260"><subfield code="a">Paris, Masson, 1933, 97p</subfield></datafield><datafield ind1=" " ind2=" " tag="852"><subfield code="a">4236</subfield></datafield></record></collection>